@BOOK{ostell2001,
	AUTHOR =  {Ostell, J. and Wheeln, A. and Kans, J.},
	TITLE = {Bioinformatics:  A Practical Guide to the Analysis of Genes and
				Proteins},
	PUBLISHER =  {Wiley Interscience},
	YEAR = {2001},
	EDITION = {second}
}

@BOOK{kirk2010,
	AUTHOR =  {D. Kirk and W. Hwu},
	TITLE = {Programming Massively Parallel Processors: A Hands-On Approach},
	PUBLISHER =  {Elsevier},
	YEAR = {2010},
}


@ARTICLE{aparicio2004,
	AUTHOR  = {Aparicio, O. and Geisberg, J. V. and Sekinger, E. and Yang, A.
		and Moqtaderi, Z. and Struhl, K.},
	TITLE   = {Chromatin immunoprecipitation for determining the association of
		proteins with specific genomic sequences in vivo.},
	YEAR    = {2005},
	JOURNAL = {Current protocols in molecular biology / edited by Frederick M.
		Ausubel ... [et al.]},
	VOLUME  = {Chapter 21}
}

@ARTICLE{johnson2007,
	AUTHOR  = {Johnson, D. S. and Mortazavi, A. and Myers, R. M. and
		Wold, B.},
	TITLE   = {Genome-wide mapping of in vivo protein-{DNA} interactions.},
	YEAR    = {2007},
	JOURNAL = {Science},
	VOLUME  = {316},
	NUMBER  = {5830},
	PAGES   = {1095--9203}
}

@ARTICLE{quinlan2010,
	AUTHOR  = {Quinlan, A. R. and Hall, I. M.},
	TITLE   = {{BEDTools}: a flexible suite of utilities for comparing genomic
		features},
	YEAR    = {2011},
	JOURNAL = {Bioinformatics},
	VOLUME  = {26},
	NUMBER  = {6},
	PAGES   = {841--842},
}

@ARTICLE{alekseyenko2007,
	AUTHOR  = {Alekseyenko, A. V. and Lee, C. J.},
	TITLE   = {Nested Containment List ({NCList}): a new algorithm for
				accelerating interval query of genome alignment and interval
				databases},
	YEAR    = {2007},
	JOURNAL = {Bioinformatics},
	VOLUME  = {23},
	NUMBER  = {11},
	PAGES   = {1386--1393}
}

@ARTICLE{kent2002,
	AUTHOR  = {Kent, W. J. and Sugnet, C. W. and Furey, T. S. and
				Roskin, K. M. and Pringle, T. H. and Zahler, A. M. and
				Haussler, A. D.},
	TITLE   = {The Human Genome Browser at {UCSC}},
	YEAR    = {2002},
	JOURNAL = {Genome Research},
	VOLUME  = {12},
	NUMBER  = {6},
	PAGES   = {996--1006}
}

@INPROCEEDINGS{ben-or1983,
	AUTHOR = {Ben-Or, M.},
	TITLE = {Lower bounds for algebraic computation trees},
	BOOKTITLE = {Proceedings of the fifteenth annual ACM symposium on Theory
		of computing},
	SERIES = {STOC '83},
	YEAR = {1983},
	PAGES = {80--86},
	PUBLISHER = {ACM},
	ADDRESS = {New York, NY, USA}
} 

@INPROCEEDINGS{goodrich1993,
	AUTHOR = {Goodrich, M. T. and Tsay, J.-J. and Vengroff, D. E. and
		Vitter, J. S.},
	TITLE = {External-memory computational geometry},
	BOOKTITLE = {Proceedings of the 1993 {IEEE} 34th Annual Foundations of
		Computer Science},
	YEAR = {1993},
	PAGES = {714--723},
	PUBLISHER = {IEEE Computer Society},
	ADDRESS = {Washington, DC, USA}
} 

@INPROCEEDINGS{kriegel1991,
	AUTHOR = {Kriegel, H.-P. and Brinkhoff, T. and Schneider, R.},
	TITLE = {The Combination of Spatial Access Methods and Computational
		Geometry in Geographic Database Systems},
	BOOKTITLE = {Data Structures and Efficient Algorithms, Final Report on
		the {DFG} Special Joint Initiative},
	YEAR = {1992},
	PAGES = {70--86},
	PUBLISHER = {Springer-Verlag},
	ADDRESS = {London, UK}
}

@INPROCEEDINGS{mckenney2009,
	AUTHOR = {McKenney, Mark and McGuire, Tynan},
	TITLE = {A parallel plane sweep algorithm for multi-core systems},
	BOOKTITLE = {Proceedings of the 17th ACM SIGSPATIAL International
		Conference on Advances in Geographic Information Systems},
	SERIES = {GIS '09},
	YEAR = {2009},
	PAGES = {392--395},
	PUBLISHER = {ACM},
	ADDRESS = {New York, NY, USA}
} 

@INPROCEEDINGS{suess2004,
	TITLE = {A user’s experience with parallel sorting and {OpenMP}},
	AUTHOR = {Suess, M. and Leopold, C.},
	BOOKTITLE = {Proceedings of Sixth European Workshop on {OpenMP}},
	SERIES = {EWOMP '09},
	YEAR = {2004},
	PUBLISHER = {Springer-Verlag},
	PAGES = {23--28}
}

@ARTICLE{merrill2011,
	AUTHOR  = {Merrill, D. and Grimshaw, A.},
	TITLE   = {High Performance and Scalable Radix Sorting: a Case Study of
		Implementing Dynamic Parallelism for {GPU} Computing},
	YEAR    = {2011},
	JOURNAL = {Parallel Processing Letters},
	VOLUME  = {21},
	NUMBER  = {3},
	PAGES   = {245--272}
}

@ARTICLE{robinson2011,
	AUTHOR  = {J. T. Robinson and H. Thorvaldsdóttir and W. Winckler and
			M. Guttman and E. S. Lander and G. Getz and J. P. Mesirov},
	TITLE   = {Integrative Genomics Viewer},
	YEAR    = {2011},
	JOURNAL = {Nature Biotechnology},
	VOLUME  = {29},
	PAGES   = {24--26}
}

@ARTICLE{li2009,
	AUTHOR  = {H. Li and B. Handsaker and A. Wysoker and T. Fennell and J. Ruan
		and N. Homer and G. Marth and G.  Abecasis and R. Durbin and 1000
		Genome Project Data Processing Subgroup},
	TITLE   = {The Sequence alignment/map {(SAM)} format and SAMtools},
	YEAR    = {2009},
	JOURNAL = {Bioinformatics},
	VOLUME  = {25},
	PAGES   = {2078--2049}
}

@ARTICLE{li2011,
	AUTHOR  = {H. Li},
	TITLE   = {Tabix: Fast Retrieval of Sequence Features from Generic
		{TAB}-delimited Files},
	YEAR    = {2011},
	JOURNAL = {Bioinformatics},
	VOLUME  = {27},
	PAGES   = {718--719}
}

@ARTICLE{neph2012,
	AUTHOR  = {S. Neph and M. S. Kuehn and A. P. Reynolds and E. Haugen and R.
		E. Thurman and A. K. Johnson and E. Rynes and M. T. Maurano and J.
		Vierstra and S. Thomas and R. Sandstrom and R. Humbert and J. A.
		Stamatoyannopoulos},
	TITLE   = {{BEDOPS}: High performance genomic feature operations},
	YEAR    = {2012},
	JOURNAL = {Bioinformatics},
	VOLUME  = {28},
	PAGES   = {1919--1920}
}

@ARTICLE{mckenna2010,
	AUTHOR  = { A. McKenna and M. Hanna and E. Banks and A. Sivachenko and K.
		Cibulskis and A. Kernytsky and K. Garimella and D. Altshuler and S.
		Gabriel and M. Daly and M. A. DePristo},
	TITLE   = {The Genome Analysis Toolkit: a MapReduce framework for analyzing
		next-generation DNA sequencing data},
	YEAR    = {2010},
	JOURNAL = {Genome Research},
	MONTH = {Sep},
	VOLUME  = {20},
	NUMBER = {9},
	PAGES   = {1297--1303}
}

@ARTICLE{giardine2005,
	AUTHOR  = {B. Giardine and C. Riemer and R. C.  Hardison and R. Burhans and
		L. Elnitski L and P. Shah and Y. Zhang and D.  Blankenberg and
		I. Albert and J. Taylor and W. Miller and W. J.  Kent and 
		A.  Nekrutenko},
	TITLE   = {Galaxy: a platform for interactive large-scale genome analysis},
	YEAR    = {2005},
	JOURNAL = {Genome Research},
	MONTH = {Oct},
	VOLUME  = {15},
	NUMBER = {10},
	PAGES   = {1451--1455}
}

@ARTICLE{richardson2006,
	AUTHOR  = {J. E. Richardson},
	TITLE   = {Fjoin: simple and efficient computation of feature overlaps},
	YEAR    = {2006},
	JOURNAL = {Journal of Computational Biology},
	VOLUME  = {13},
	PAGES   = {1457--1464}
}

@ARTICLE{misra1982,
	AUTHOR  = {J. Mirsa and D. Gries},
	TITLE   = {Finding Repeated Elements},
	YEAR    = {1982},
	JOURNAL = {Science of Computer Programming},
	VOLUME  = {2},
	PAGES   = {143--152}
}

@ARTICLE{favorov2012,
	AUTHOR  = {A. Favorov, L. Mularoni, et al},
	TITLE   = {Exploring Massive, Genome Scale Datasets with the 
	GenometriCorr Package},
	YEAR    = {2012},
	JOURNAL = {PLoS Comput Biol},
	VOLUME  = {8},
	NUMBER  = {5}
}

@ARTICLE{encode2007,
	AUTHOR  = {ENCODE Project Consortium, E. Birney, et al},
	TITLE   = {Identification and analysis of functional elements in 1% of 
	    the human genome by the ENCODE pilot project},
	YEAR    = {2007},
	JOURNAL = {Nature},
	VOLUME  = {447},
	NUMBER  = {7146},
	PAGES   = {799--816}
}

@ARTICLE{gerstein2010,
	AUTHOR  = {M. B. Gerstein, Z. J. Lu, et al},
	TITLE   = {Integrative Analysis of the Caenorhabditis elegans Genome by
        the modENCODE Project},
	YEAR    = {2010},
	JOURNAL = {Science},
	VOLUME  = {330},
	NUMBER  = {6012},
	PAGES   = {1775--1787}
}

@ARTICLE{durbin2010,
	AUTHOR  = {R. M. Durbin, D. L. Altschuler, et al},
	TITLE   = {A map of human genome variation from population-scale
		sequencing},
	YEAR    = {2010},
	JOURNAL = {Nature},
	VOLUME  = {467},
	NUMBER  = {7319},
	PAGES   = {1061--1073}
}

@INPROCEEDINGS{satish2009,
    AUTHOR  = {N. Satish and M. Harris and M. Garland},
    TITLE = {Designing efficient sorting algorithms for manycore GPUs},
    BOOKTITLE = {International Symposium on Parallel and Distributed Processing,
        2009},
    SERIES = {IPDPS '09},
    YEAR    = {2009},
    PAGES   = {1--10},
    PUBLISHER = {IEEE}
}

@INPROCEEDINGS{tzeng2008,
	AUTHOR  = {S. Tzeng and L.Y. Wei},
	TITLE = {Parallel white noise generation on a GPU via cryptographic
			hash},
	BOOKTITLE = {Proceedings of the 2008 Symposium on Interactive 3D Graphics
		and Games},
	SERIES = {I3D '08},
	YEAR    = {2008},
	PAGES   = {79--87},
	PUBLISHER = {ACM},
	ADDRESS = {New York, NY, USA}
}


